4854 6252
1014 613 1059 680 XI

398 837 489 916 Sunt
514 860 607 915 vero
634 847 823 939 praetereo
851 837 966 942 pluro,
995 861 1089 943 quoe
1111 834 1282 914 Petmroo
1311 860 1363 914 ex·
1384 839 1535 940 gurgite
1557 839 1625 915 isto
1653 835 1770 926 ubera

301 1019 391 1093 rimo
417 1016 452 1091 in
479 1017 579 1093 rivos
607 1037 695 1092 suos
723 1011 884 1092 dederit.
953 1014 991 1094 ld
1028 1039 1074 1092 eo
1103 1037 1196 1092 oevo
1229 1015 1264 1090 iu
1292 1037 1394 1093 more
1423 1013 1486 1091 fuit
1519 1025 1627 1118 etque
1661 1015 1772 1094 docet

303 1191 427 1293 simul,
457 1201 621 1294 quantam
648 1192 720 1268 vim
749 1188 902 1268 sublime
929 1194 1116 1294 ingenium
1144 1190 1204 1268 vel
1234 1188 1336 1267 brevi
1365 1193 1537 1293 temporis
1565 1193 1678 1294 spatio
1705 1215 1773 1294 per
1861 1179 1862 1184 Ν

305 1391 433 1447 omnes
460 1379 582 1469 portes
618 1378 807 1445 exerceat.
873 1365 989 1445 Licuit
1024 1368 1160 1447 ideireo
1189 1378 1320 1470 poetae
1356 1378 1480 1445 nostro
1518 1370 1552 1445 iu
1587 1376 1680 1442 Pro.
1717 1375 1770 1442 85.

308 1549 452 1648 integro
480 1567 594 1622 versu
621 1544 845 1623 commodato

649 1714 684 1784 Α
711 1716 806 1788 notio
832 1722 946 1788 amoto
972 1713 1083 1790 Amor
1102 1715 1263 1807 perdono
1290 1737 1405 1788 amore

309 1901 476 1976 carminis
504 1897 685 2000 elegantis
713 1897 822 1975 finem
850 1896 975 1998 faeere
1000 1898 1281 2002 elegantiorem
1311 1901 1370 2001 qui
1389 1922 1523 1976 versus
1542 1898 1774 2003 depromptus

309 2087 442 2152 estex
469 2073 552 2153 loeo
580 2071 723 2152 notabili
751 2077 785 2151 in
814 2072 986 2154 ‘tniemo’
1014 2072 1071 2178 V,
1110 2079 1213 2177 ¹03,
1251 2073 1310 2153 ubi
1338 2073 1534 2154 aneisoo
1563 2074 1773 2156 Ariminen-

310 2255 361 2328 sis
388 2255 434 2328 ito

575 2419 696 2510 Amor,
726 2421 785 2494 ode
811 2445 835 2494 α
861 2422 955 2496 nullo
983 2430 1097 2496 uotuto
1125 2446 1225 2528 amor
1244 2424 1421 2515 perdono,

573 2578 634 2651 Mt
652 2603 757 2672 prese
783 2581 840 2654 uu
865 2583 973 2656 coetui
991 2584 1116 2674 piooer
1142 2585 1174 2655 si
1200 2581 1300 2672 forte,

579 2738 649 2811 ote
676 2762 767 2812 comte
793 2741 872 2814 oedi
898 2763 1004 2814 oooor
1029 2765 1097 2814 oon
1122 2743 1171 2812 mi
1198 2741 1409 2814 atoauctooa.

404 2927 454 3009 Et
481 2955 589 3034 quum
617 2931 754 3010 Dontes
782 2935 816 3010 in
847 2930 1017 3011 ‘lniemo'
1047 2945 1153 3036 ceput
1178 2931 1334 3012 XXXIV
1362 2937 1406 3011 ito
1434 2936 1597 3038 incipiet.‚
1636 2941 1776 3019 cantico

310 3121 439 3187 vetere
467 3107 609 3210 paulum
637 3106 862 3212 amplificato,

689 3277 823 3351 Vexillo
849 3280 941 3370 remis
960 3281 1134 3370 prodeunt
1160 3282 1290 3370 infermi
1315 3323 1369 3337 -

312 3473 438 3541 noster
464 3461 635 3541 Petmroo
651 3465 804 3565 poemati
825 3461 1018 3542 sublimiori
1051 3471 1157 3554 (PAG.
1183 3471 1239 3554 16)
1270 3464 1366 3542 idem
1385 3468 1487 3543 struit
1505 3466 1692 3545 exordium
1712 3492 1778 3546 suo

309 3662 411 3717 more
437 3641 654 3719 immutatum

710 3809 817 3902 Reum
844 3811 974 3884 cetesus
994 3811 1168 3902 prodeunt
1195 3813 1331 3884 ‘uexillo

315 3975 389 4054 Sed
408 3974 510 4086 haee
539 3973 728 4056 haetenus.

405 4177 464 4255 ttta
492 4180 601 4281 igitur
628 4181 789 4282 argutior
815 4181 1059 4282 interpretatio
1078 4179 1342 4260 Sohmelierum
1370 4187 1482 4285 primo
1505 4182 1632 4262 obtutu
1661 4184 1769 4261 tetel-

312 4353 350 4430 tit
377 4365 415 4432 et
441 4367 532 4434 stato
560 4356 633 4458 1110,
663 4379 772 4460 quem
800 4355 966 4460 diximus,
995 4382 1088 4437 anno
1124 4359 1171 4436 de
1199 4358 1370 4438 Petmroo
1406 4363 1600 4438 oorminum
1628 4371 1776 4439 auctore

315 4529 503 4634 ambigere
531 4530 701 4611 debehat.

407 4733 445 4814 td
473 4739 540 4812 iem
568 4734 669 4811 aliter
696 4754 739 4811 se
767 4733 887 4813 habet.
929 4733 1093 4840 Namque
1122 4762 1230 4841 quum
1258 4741 1401 4816 omnino
1429 4738 1570 4816 indoles
1598 4742 1776 4818 sermonis

1523 4886 1565 4942 e*
