4854 6252
924 603 1028 670 XXXI

266 827 301 902 in
329 820 420 900 lraec
449 825 523 924 ipsa
553 847 634 900 cum
670 826 833 925 pernicie
861 839 1059 927 grassatam
1097 852 1196 906 esse.
1263 825 1378 906 Valde
1415 832 1510 908 cuim
1544 842 1601 908 est
1636 854 1727 934 pro-

267 1000 400 1102 babile,
437 1001 553 1078 codici
591 1002 677 1103 ipsi,
716 1001 760 1079 ab
797 1003 892 1080 initio
930 1027 1057 1082 manco
1095 1015 1133 1081 et
1166 1005 1302 1107 lacero,
1341 1008 1499 1084 iniuriam
1535 1020 1740 1110 propterea.

268 1179 394 1258 illatam
422 1203 525 1280 esse,
554 1179 649 1281 quod
678 1181 897 1279 potissimum
925 1182 960 1257 in
993 1205 1037 1258 ea
1066 1193 1166 1284 parte
1193 1180 1249 1258 illa
1278 1186 1431 1261 carmina
1460 1185 1579 1264 locum
1608 1184 1727 1263 habe-

267 1359 363 1458 bant,
392 1380 487 1461 quae
515 1355 765 1459 respublicas
794 1367 831 1433 et
858 1381 981 1434 sacras
1008 1356 1313 1460 perstringebant.
1430 1359 1433 1366 ’

362 1658 437 1738 Sed
465 1657 569 1736 lraec¹
586 1680 732 1761 quoque
760 1671 921 1760 poemata
949 1683 1022 1737 non
1050 1658 1166 1737 solum
1195 1660 1399 1740 elocutione
1427 1673 1535 1765 atque
1563 1662 1726 1765 ingenio,

268 1839 301 1916 id
330 1835 426 1941 quod
455 1859 629 1913 summum
658 1846 727 1936 est,
757 1839 1017 1913 verumetiam
1052 1835 1205 1938 singulis
1233 1848 1292 1914 aut
1328 1837 1451 1916 verbis
1484 1850 1544 1916 aut
1571 1849 1727 1916 sentcn-

268 2017 323 2093 tiis
351 2012 557 2091 Petrarcam
594 2023 777 2090 auctorem
814 2010 1002 2091 manilesto
1037 2023 1224 2093 testantur.
1295 2012 1525 2094 Conferenda
1563 2023 1645 2091 sunt
1684 2036 1727 2090 ea

267 2197 403 2272 ratione
436 2189 529 2268 lraec
567 2192 721 2268 carmina
759 2214 841 2266 cum
877 2189 958 2290 iltis,
997 2214 1090 2294 quae
1127 2194 1220 2268 inter
1257 2191 1349 2270 edita
1386 2191 1550 2270 seruntur
1582 2192 1726 2268 nomine

270 2371 423 2449 ‘Sonetti
452 2366 653 2446 eCanzoni
681 2390 786 2469 sopra
815 2366 891 2468 varj
920 2363 1148 2469 argumenti?
1194 2367 1268 2446 Sed
1298 2371 1327 2444 si
1347 2371 1428 2471 quis
1456 2379 1586 2470 poetae
1614 2371 1726 2445 nostri

266 2547 358 2628 llaec
386 2549 572 2624 severiora
600 2545 714 2622 studia
735 2567 960 2645 pernoscere
985 2545 1086 2648 velit,
1115 2545 1221 2622 adeat
1240 2569 1400 2624 necesse
1421 2558 1479 2624 est
1505 2545 1597 2623 illius
1615 2568 1725 2646 opera

265 2725 400 2827 Latina,
439 2722 608 2826 epistolas
645 2724 841 2825 praecipue
870 2734 906 2801 et
934 2723 1099 2825 eclogas.
1165 2720 1252 2800 lnde
1291 2733 1328 2800 et
1362 2722 1551 2801 similitudo
1588 2723 1725 2824 ingenii

265 2903 309 2981 ad
337 2924 499 3004 unguem
527 2910 696 3001 emerget
723 2909 761 2975 et
787 2899 965 3002 parabitur
991 2903 1081 2978 iusta
1109 2923 1230 2978 rerum
1258 2902 1431 3001 cognitio.

359 3205 521 3286 Sufficiat
547 3202 605 3281 lric
638 3225 751 3304 pauca
779 3200 958 3280 dumtaxat
992 3204 1105 3305 digito
1133 3204 1327 3304 attingere,
1367 3224 1476 3304 quom
1512 3203 1571 3304 qui
1608 3203 1724 3282 omnia

266 3384 485 3488 perlustrare
505 3379 629 3480 vellet,
652 3383 925 3458 commentarios
953 3384 1117 3481 integros
1146 3378 1329 3480 expleret3
1357 3376 1392 3455 id
1420 3376 1515 3481 quod
1545 3399 1620 3481 ego
1640 3379 1725 3479 qui-

264 3563 346 3642 dem
374 3584 446 3639 nec
474 3559 558 3637 volo
585 3581 656 3636 nec
684 3557 803 3635 valeo.

357 3859 405 3940 Ut
433 3887 452 3938 a
480 3863 591 3961 primo
620 3861 777 3938 carmine
805 3860 981 3961 incipiam,
1011 3857 1094 3936 illud
1124 3862 1237 3960 tangit
1265 3868 1389 3961 aperte
1419 3853 1603 3934 Nicolaum
1622 3853 1723 3932 Lau-

262 4043 380 4141 rentii,
416 4038 578 4117 secundo
608 4037 803 4116 Tribunum
832 4035 1085 4136 Romanorum,
1122 4059 1232 4138 quum
1263 4036 1393 4112 iamin
1422 4055 1468 4110 eo
1496 4056 1583 4111 esse
1611 4031 1723 4110 vide-

264 4229 363 4295 retur
390 4226 428 4293 ut
464 4219 499 4292 in
526 4219 675 4319 gurgite
703 4238 824 4292 rerum
860 4215 1001 4315 ipsein
1035 4235 1214 4314 praeceps
1251 4211 1409 4288 daretur.
1474 4209 1531 4288 Eo
1559 4221 1722 4313 tempore

264 4396 394 4496 scripta
423 4403 480 4470 est
506 4391 701 4471 Petrarcae
729 4391 772 4469 ad
801 4391 897 4468 illum
917 4389 1080 4492 epistola,
1111 4404 1281 4492 quaeest
1307 4385 1587 4490 interepistolas
1616 4385 1722 4462 lami-

261 4569 368 4647 liares
396 4566 474 4670 vtt,
507 4574 546 4650 7.
612 4569 699 4648 lnde
727 4568 784 4646 hic
810 4567 914 4646 locus
933 4569 1090 4670 apprime
1110 4569 1298 4644 convenit:
1328 4563 1444 4640 ‘nosti
1470 4559 1606 4665 quidam
1631 4569 1723 4637 tru-

263 4743 417 4824 nu'tc'bua
451 4745 505 4822 ad
538 4745 702 4846 plurium
738 4743 973 4846 ascendisti5
1010 4747 1139 4819 uersis
1176 4749 1281 4819 retro
1309 4744 1490 4841 uestigiis
1521 4737 1611 4817 inde
1646 4737 1722 4816 dc-
