4866 6306
661 831 734 906 Fol.
765 825 839 906 38⁵.

873 1147 1021 1282 Questa
1049 1175 1137 1254 ehie·
1159 1175 1229 1253 che
1245 1182 1436 1258 ¹uai'oome
1468 1177 1590 1281 engiel
1619 1178 1698 1256 sole

933 1351 983 1431 Ει
1009 1377 1082 1444 nen
1108 1356 1169 1456 gia
1197 1353 1278 1456 qual
1307 1352 1364 1431 ehi
1391 1377 1511 1457 neque
1539 1353 1693 1433 dhuman
1725 1378 1829 1432 seme

937 1526 1016 1606 Che
1043 1528 1139 1608 doue
1168 1529 1226 1609 col
1254 1528 1313 1607 bel
1342 1533 1400 1633 pie
1428 1530 1556 1609 leterre
1585 1553 1711 1632 preme

935 1705 1030 1784 Dele
1058 1718 1187 1786 tenere
1215 1711 1334 1810 piante
1362 1732 1476 1789 escon
1504 1707 1632 1790 uiole?¹

877 2112 1013 2206 Questa
1041 2114 1122 2193 ehie
1151 2114 1220 2193 ohe
1249 2121 1284 2193 in
1312 2141 1356 2194 su
1383 2115 1522 2196 laurera
1549 2115 1571 2193 il
1600 2115 1680 2195 sole

937 2289 1173 2394 Impalidiscie
1201 2302 1240 2371 et
1266 2291 1363 2372 forza
1391 2293 1493 2371 altrui
1520 2317 1592 2370 non
1620 2305 1717 2371 teme
1812 2381 1815 2388 .

936 2466 991 2546 Le
1019 2493 1087 2546 sue
1114 2473 1208 2547 uirtu
1235 2482 1392 2573 segnate
1418 2469 1462 2548 ha
1491 2494 1561 2548 eon
1589 2468 1695 2547 mille·
1728 2468 1777 2548 M·
1863 2519 1866 2544 2

935 2644 970 2724 E
998 2645 1055 2723 sel
1082 2649 1259 2724 contrario
1287 2671 1346 2723 vn·
1367 2645 1399 2754 ΙΙ·
1429 2668 1546 2749 segne
1575 2651 1605 2724 si
1634 2645 1745 2726 dole?
1860 2651 1863 2658 ’

878 3051 1014 3146 Questa
1042 3050 1124 3129 ehie
1151 3051 1222 3162 che
1252 3065 1445 3133 contento
1474 3053 1656 3158 disdegno

939 3227 1125 3308 llmendo
1153 3226 1305 3308 abhorre
1335 3241 1433 3308 ester
1460 3255 1550 3309 seeo
1578 3230 1802 3334 glinereseie

942 3405 1087 3484 Perehe
1115 3407 1284 3490 dhauerla
1313 3411 1347 3484 in
1374 3409 1423 3485 lui
1450 3411 1517 3486 mai
1545 3431 1617 3487 non
1646 3407 1684 3486 fu
1711 3408 1864 3512 degno.

879 3813 1015 3908 Questa
1044 3813 1125 3894 chie
1154 3814 1225 3894 che
1252 3827 1347 3898 [ento
1375 3815 1502 3895 insama
1532 3821 1678 3897 creseie

940 3991 1081 4098 Quanto
1109 3997 1143 4070 in
1172 4003 1268 4074 cete
1297 3993 1380 4070 ene!
1410 3994 1551 4074 celeste
1579 4018 1699 4098 regno
1838 4059 1842 4066 .

938 4166 1051 4247 Entra
1078 4195 1098 4246 a
1126 4193 1194 4248 suo
1220 4170 1448 4272 beneplacito
1477 4175 1651 4251 eriescie.
1682 4235 1686 4244 .
1792 4235 1816 4242 ,.
1854 4179 1870 4242 ,ζ

1629 4261 1654 4397 3
