4838 6250
502 1143 625 1253 Come
653 1170 767 1253 talhor
793 1195 860 1276 per
886 1170 991 1250 nebia
1020 1195 1152 1250 oscum
1181 1171 1289 1250 efoha

567 1348 696 1430 Phebo
722 1349 908 1429 nasnonde
938 1353 1059 1428 euinto
1088 1348 1249 1452 parcho
1277 1352 1423 1453 piangni

564 1525 687 1606 Ede!
715 1551 782 1606 suo
809 1530 953 1630 proprio
981 1525 1048 1604 mal
1077 1549 1169 1604 seco
1196 1529 1228 1604 si
1257 1526 1381 1630 langui

567 1703 646 1784 Che
672 1704 772 1783 laura
798 1729 862 1786 sua
891 1704 1016 1807 giemi!
1045 1707 1105 1806 piu
1134 1727 1206 1782 non
1233 1702 1382 1782 lasoolta

504 2093 666 2215 Vndegli
693 2110 875 2216 isbigotito
902 2113 934 2189 al
963 2113 1034 2190 ciel
1062 2116 1092 2189 si
1122 2111 1215 2191 uoltu

563 2288 620 2367 Da
646 2289 743 2366 laura
771 2235 837 2366 min
867 2289 938 2367 dhe
965 2289 1103 2392 perche
1133 2293 1178 2366 mi
1207 2284 1472 2390 seompangni?

566 2465 642 2546 Per
668 2464 738 2544 che
767 2467 826 2545 del
854 2472 924 2545 mio
951 2468 1094 2570 languit
1120 2461 1279 2568 gliocohi
1307 2487 1379 2542 non
1406 2459 1571 2568 bangni‘?

566 2641 642 2721 Per
669 2642 738 2721 che
766 2643 820 2721 hai
849 2645 952 2722 dame
980 2645 1013 2722 la
1042 2668 1106 2722 sua
1135 2648 1228 2721 uirtu
1255 2639 1445 2719 disciolta?

502 3049 616 3131 Lasso
645 3054 742 3130 cossi
770 3055 817 3130 mi
845 3055 950 3130 auien
979 3053 1122 3157 quando
1151 3075 1223 3130 non
1251 3056 1393 3156 neggio

564 3227 679 3308 Laura
707 3228 742 3308 di
770 3227 851 3308 chio
880 3229 902 3307 il
931 3253 1021 3308 ouor
1047 3255 1161 3333 pasco
1190 3233 1353 3309 enutrico

564 3383 673 3484 vnde'
701 3406 788 3485 altro
816 3404 889 3484 ben
918 3406 973 3484 dul
1004 3406 1073 3484 ciel
1102 3399 1249 3486 bramo*
1278 3431 1325 3484 ne
1353 3409 1530 3514 chieggIo

501 3812 608 3893 Doue
636 3817 683 3891 mi
710 3813 795 3892 lassi
822 3818 955 3895 misero
984 3816 1175 3896 emendico

565 3989 624 4069 Mu
651 3990 763 4070 forsie
788 3993 813 4069 il
842 3992 911 4070 ciel
941 4019 999 4090 su¹
1013 3995 1071 4073 nel
1103 4017 1261 4097 superno
1290 3999 1426 4100 seggio

564 4166 668 4246 hieto
694 4173 720 4246 ιί
746 4167 853 4247 sorba
881 4183 919 4249 et
952 4175 986 4248 io
1021 4172 1241 4274 piangiendo
1274 4172 1297 4250 il
1326 4173 1421 4252 dico·

1398 4247 1424 4380 3

547 4569 564 4606 *
587 4570 697 4632 Codex:
722 4573 814 4632 breim.
