4854 6252
1008 577 1083 649 XIX

552 789 639 881 (ioci
665 793 716 866 dci
743 798 814 870 vico
841 797 1028 888 kyyiudro,
1057 800 1095 870 t'n
1122 797 1241 874 ct’cttn
1268 804 1359 876 notre

548 951 708 1026 Mosiror
735 958 896 1048 qrmqyiti,
925 965 1051 1051 quondo
1079 959 1175 1032 tuconi
1193 959 1325 1052 puicu?

552 1171 687 1261 Qccnd
715 1198 763 1247 un
791 1199 849 1250 cor
875 1185 968 1250 tunic
994 1183 1030 1252 io
1057 1203 1093 1254 se
1120 1184 1239 1255 uirtuti
1265 1183 1420 1258 nome?

955 1397 1047 1464 PAG.
1073 1396 1125 1464 21.
1142 1409 1148 1424 '

523 1533 584 1607 ,It
608 1543 723 1610 nostro
750 1540 839 1612 unde
863 1540 976 1628 factor
1003 1543 1039 1616 to
1065 1567 1145 1617 suso
1172 1547 1254 1618 tolse

547 1690 744 1788 L’ecennto
771 1702 807 1771 in
834 1700 893 1773 etc
919 1708 1067 1774 ntosiror
1093 1711 1220 1776 notura
1247 1706 1341 1778 coloe

546 1854 594 1926 In
620 1861 714 1928 terra
741 1861 796 1930 etit
822 1867 947 1933 canuto
975 1863 1196 1954 coutinentia

551 2013 649 2088 Vertit
669 2021 756 2107 puni
783 2027 913 2110 quondo
940 2022 966 2092 o
993 2021 1056 2093 ciet
1075 2045 1148 2112 puo
1175 2025 1244 2094 dor
1270 2025 1401 2097 rocotse

543 2173 590 2247 In
617 2177 741 2248 lei...

906 2409 975 2474 ccii.
1001 2409 1091 2476 PAG.
1120 2409 1171 2476 70.

542 2711 594 2783 Di
620 2715 710 2787 doto
736 2717 828 2788 occdi
854 2716 997 2806 diffiniri
1024 2718 1060 2788 in
1088 2717 1165 2807 qood
1192 2717 1243 2788 oet
1269 2718 1359 2790 cotto

540 2875 683 2949 Noturo
710 2878 747 2949 in
774 2878 830 2948 cui
856 2899 1015 2950 conuerso
1042 2880 1120 2968 oqui
1147 2899 1212 2949 suo
1234 2899 1359 2966 procu

397 3103 493 3183 Inter
536 3107 687 3182 virtutes
741 3101 900 3204 haurne,
949 3128 1042 3206 quae
1089 3108 1247 3181 eminent
1292 3105 1465 3206 singulari
1511 3106 1761 3210 appellatione,

300 3280 405 3359 iecilc
433 3285 512 3383 ipse
540 3281 606 3358 sibi
635 3280 764 3359 oiiines
792 3281 913 3383 eliges
942 3291 980 3358 et
1007 3279 1196 3383 coiiigohis
1224 3279 1460 3382 epithetorum
1489 3283 1671 3362 corollam.

395 3455 544 3560 Insigne
571 3457 839 3559 documentum,
870 3480 975 3560 quarn
1001 3457 1200 3535 libertatern
1228 3454 1294 3533 sibi
1332 3462 1558 3538 concesserit
1592 3473 1698 3563 poeto
1725 3464 1762 3539 in

299 3639 492 3713 carminum
520 3657 666 3713 suorum
694 3637 983 3714 transmutatione
1006 3660 1049 3712 ec
1075 3657 1267 3735 compage,
1297 3631 1370 3711 edit
1399 3633 1595 3714 ‘Gonzone'
1614 3635 1697 3738 XV,
1725 3641 1761 3715 in

298 3835 366 3915 quo
395 3834 516 3888 corum
543 3810 683 3888 domina
712 3835 776 3889 suo
803 3811 945 3890 sibimet
972 3815 1037 3914 ipsi
1060 3812 1133 3890 diro
1161 3815 1276 3890 omnin
1305 3816 1533 3915 imprecatur,
1562 3811 1643 3890 ficto
1671 3836 1759 3891 esse

297 3999 335 4066 et
375 3991 509 4065 misere
547 4001 746 4066 commento
779 3989 991 4090 obtestatus,
1030 3993 1059 4066 si
1095 3988 1129 4066 id
1167 4013 1323 4092 unquam
1354 3987 1506 4066 dixisset
1540 4011 1583 4072 se
1611 3989 1756 4067 alterius

291 4187 413 4242 amore
442 4163 649 4242 incoluisse.
683 4163 733 4243 lbi
761 4164 917 4244 notabile
946 4165 1039 4243 istud
1070 4163 1126 4242 ‘S’
1154 4168 1180 4242 i’
1207 4160 1235 4239 'l
1260 4164 1370 4242 dissi
1398 4165 1458 4241 vei
1489 4161 1545 4240 ‘S'
1562 4166 1589 4240 i'
1608 4161 1636 4239 'l
1655 4165 1756 4242 disci

294 4342 384 4416 mod
420 4362 488 4442 per
522 4353 673 4442 quotuor
712 4346 854 4444 priores
889 4355 1029 4420 stannes
1058 4343 1258 4421 duodecies
1286 4365 1353 4443 per
1387 4339 1600 4443 onophorum
1635 4344 1753 4444 icitur,

289 4528 362 4595 tum
398 4519 433 4594 in
468 4521 588 4619 quinto
629 4531 666 4596 ct
699 4533 801 4598 sexta
839 4532 959 4597 stonze
995 4523 1143 4597 reicitur
1177 4515 1258 4592 ‘Ma
1285 4519 1357 4594 s‘io
1390 4516 1457 4594 nol
1488 4515 1599 4594 disci’
1633 4529 1670 4595 et
1698 4515 1754 4594 ‘io

292 4691 356 4770 nol
381 4692 481 4770 disci
507 4699 716 4794 qionrmui!
764 4695 845 4774 Pori
873 4695 979 4773 modo
1008 4699 1161 4772 carmine
1195 4703 1314 4768 PAGG.
1343 4699 1408 4767 100
1432 4705 1465 4766 ct
1489 4700 1562 4782 101,
1597 4717 1689 4797 quoe
1718 4697 1753 4770 in

1500 4841 1541 4898 C*
