4854 6252
1363 535 1420 600 xi.
1500 533 1502 538 ,

656 757 873 837 condicione
900 757 1090 862 dereliqui.
1122 757 1237 837 ···Non
1273 756 1368 834 nulla
1406 780 1516 858 vero,
1556 780 1650 861 quae
1690 757 1845 836 iortasse
1873 755 1973 835 alteri
2003 757 2126 834 carri*

656 934 780 1038 gendo
809 958 897 1013 csse
925 933 1127 1038 videantur,
1157 938 1268 1012 certis
1296 933 1344 1013 de
1372 936 1493 1012 causis
1521 934 1691 1038 equidem
1718 932 1846 1012 illibata
1876 937 2034 1013 servavi.

757 1196 806 1279 Ut
832 1225 922 1279 vero
952 1202 1056 1278 etiam
1084 1197 1228 1302 publico
1251 1198 1442 1280 commodo
1470 1201 1706 1301 prospiciatur
1732 1210 1840 1303 atque
1868 1198 1925 1276 bio
1954 1197 2128 1276 Petrarca

663 1377 852 1456 redivivus
872 1380 906 1454 in
936 1376 1013 1455 loro
1035 1375 1165 1454 babeat
1188 1377 1445 1478 sunniacum,
1480 1376 1589 1454 altera
1609 1376 1717 1455 editio
1737 1375 1928 1480 parabitur,
1954 1375 2052 1455 bene
2071 1374 2130 1453 illa

664 1554 828 1633 distincta
858 1565 896 1632 et
920 1553 1042 1632 lucide
1070 1553 1240 1656 disposita
1268 1567 1375 1658 atque
1404 1554 1505 1632 simul
1535 1553 1595 1631 vili
1623 1558 1738 1656 pretio
1766 1553 1996 1659 acquirenda.
2044 1551 2127 1646 Quo

662 1745 767 1834 paeto
804 1731 880 1832 flea,
918 1744 958 1809 ut
992 1730 1084 1808 baec
1121 1756 1215 1811 nova
1252 1735 1406 1810 carmina
1434 1755 1584 1833 omnes,
1619 1733 1679 1835 qui
1714 1730 1839 1832 velint,
1879 1754 1950 1809 non
1986 1729 2129 1834 paulum

660 1907 767 1988 modo
787 1920 952 2011 gustare,
982 1907 1050 1986 sed
1069 1907 1288 1987 obscuritate
1317 1912 1493 1987 sermonis
1522 1921 1560 1987 et
1578 1912 1777 2012 scripturae
1802 1908 1979 2000 discussa.
2008 1932 2127 2012 quan-

661 2099 735 2165 tum
764 2084 908 2190 quidem
935 2084 1002 2164 bae
1030 2090 1167 2166 ratione
1196 2085 1272 2164 beri
1301 2098 1441 2188 potest,
1478 2088 1618 2188 integra
1656 2085 1796 2164 haurire
1832 2086 1986 2163 valeant.
2053 2083 2131 2164 lli-

661 2265 757 2340 nime
795 2265 889 2340 enim
921 2219 1056 2364 probo,
1092 2261 1187 2367 quod
1222 2263 1318 2340 multi
1354 2261 1462 2341 hodie
1498 2273 1681 2339 sectantur
1717 2274 1773 2362 ut,
1809 2286 1902 2366 quae
1931 2261 2132 2365 prudenter

661 2442 807 2516 inventa
837 2451 922 2516 ¹sunt
956 2436 1146 2516 luminibus
1180 2442 1215 2516 in
1248 2438 1406 2518 lectione
1435 2436 1604 2518 librorum
1632 2436 1855 2539 adhibendis,
1886 2462 1929 2516 ea
1957 2442 2132 2541 superci-

660 2616 753 2695 liose
785 2614 833 2693 de
861 2613 979 2693 medio
1007 2615 1142 2717 tollant,
1172 2640 1253 2693 eum
1286 2615 1414 2695 damno
1443 2628 1480 2694 et
1507 2619 1676 2718 temporis
1705 2627 1743 2692 et
1770 2615 1979 2692 studiorum.

757 2877 903 2958 Codicis
932 2881 1042 2956 nostri
1071 2880 1281 2981 scripturam
1300 2879 1415 2958 tabula
1445 2883 1604 2959 imitatrix
1628 2883 1819 2957 verissime
1837 2882 2017 2983 exprimit3
2046 2879 2129 2958 nibil

664 3057 742 3134 lere
784 3055 839 3133 illa
877 3053 1074 3158 praebebat
1109 3054 1338 3136 difficultatis.
1415 3055 1534 3135 Unum
1575 3057 1682 3134 modo
1718 3056 1850 3160 sigium
1888 3082 1987 3134 suam
2024 3056 2131 3135 babet

664 3232 959 3336 singularitatem⁷
989 3229 1085 3335 quod
1115 3231 1194 3309 lere
1222 3237 1347 3311 sexies
1375 3233 1485 3332 redit3
1514 3232 1547 3311 id
1576 3237 1625 3311 uti
1651 3244 1709 3311 est
1736 3234 1934 3334 lormatum⁷
1963 3237 1998 3311 in
2026 3245 2128 3312 textu

664 3407 904 3512 exhibuimus,
933 3429 970 3524 ᾗ,
1000 3408 1083 3487 coll.
1113 3417 1234 3485 Pado.
1260 3417 1301 3485 18
1331 3408 1496 3524 dolosam
1526 3418 1569 3484 ao
1597 3431 1710 3525 mapa,
1741 3419 1784 3484 66
1812 3409 1899 3524 logi,
1930 3418 1972 3483 63
2002 3431 2130 3526 scapo,

663 3595 706 3662 66
731 3585 870 3702 anapoli
899 3593 937 3656 7¹
969 3589 1141 3700 iapepno.
1193 3584 1296 3663 llaec
1326 3587 1435 3664 lorma
1454 3586 1593 3664 litterae
1622 3613 1644 3664 a
1673 3586 1751 3664 alibi
1781 3610 1827 3664 eo
1855 3600 2019 3689 tempore
2048 3589 2131 3666 ire-

668 3767 899 3868 quentissima
935 3761 993 3841 laic
1022 3785 1093 3840 non
1122 3774 1242 3864 potest
1276 3787 1347 3841 non
1381 3764 1601 3866 peculiarem
1635 3763 1809 3866 quondam
1838 3768 2133 3866 pronuntiationis

666 3952 824 4019 naturam
853 3937 1075 4042 significare.
1125 3936 1301 4016 indicatur
1329 3963 1372 4016 ea
1400 3944 1435 4017 ni
1465 3941 1565 4018 lallor
1593 3940 1730 4017 mollior
1759 3943 1917 4047 spiritus,
1947 3965 2028 4019 cum
2057 3966 2132 4046 quo

664 4117 755 4196 baec
784 4116 934 4195 litterula
964 4138 1012 4192 ex
1040 4137 1105 4192 ore
1141 4117 1248 4192 emitti
1276 4113 1432 4217 debeat,
1475 4120 1575 4221 quasi
1610 4120 1690 4194 insit
1727 4116 1827 4193 simul
1864 4118 2000 4196 vocalis
2028 4123 2063 4218 i,
2094 4130 2132 4196 ot

665 4295 744 4371 lere
770 4293 890 4370 voleat
925 4294 1071 4394 propi.
1139 4291 1201 4369 Sic
1234 4291 1374 4406 napoli,
1405 4296 1427 4370 i.
1458 4317 1493 4371 e.
1525 4292 1688 4394 capiuli,
1718 4293 1937 4395 respondeat
1969 4303 2061 4369 Pae.
2086 4304 2132 4368 tt

664 4468 805 4570 captet,
835 4477 927 4543 Pau.
952 4475 995 4541 92
1024 4466 1186 4568 neptali,
1216 4489 1343 4582 sermo⁷
1371 4478 1462 4543 PAG.
1488 4479 1527 4543 21
1557 4475 1696 4570 sentio,
1725 4474 1896 4584 impsque,
1929 4480 2050 4546 PAGG.
2075 4481 2129 4562 66,

527 4703 533 4720 2
662 4655 715 4736 76,
740 4654 784 4722 96
803 4652 996 4747 inpieque,
1019 4666 1132 4762 caepa,
1152 4653 1415 4735 PAGG.18,103
1435 4653 1571 4749 mepio.
1608 4646 1760 4726 Omnino
1780 4651 1813 4726 in
1835 4648 1998 4726 idiomate
2019 4654 2132 4728 nostri
