4854 6252
940 632 1088 700 XXXVII

764 841 827 907 ΕΡ.
853 844 888 907 v.
913 863 943 926 p.
969 845 1034 912 ns
1058 848 1106 913 ea.
1131 847 1262 914 sisa.
1683 925 1685 934 ,

371 979 538 1060 Cernere
560 1011 635 1088 pro
664 956 802 1068 saneta
821 993 1028 1074 salitndine
1052 997 1311 1101 frequentiam
1337 997 1565 1076 sceleratam
1592 1007 1631 1077 et
1657 1006 1745 1078 eir-

274 1158 474 1261 enmfasas
494 1164 601 1239 acies
620 1165 827 1245 satellitam
838 1177 1107 1274 pessimarum,
1132 1200 1207 1278 pro
1231 1173 1372 1254 sobriis
1395 1175 1625 1280 volnptaasa
1643 1201 1744 1254 ean-

273 1337 391 1433 vivia,
414 1361 489 1438 pro
512 1343 892 1441 pereqrirmtionibns
914 1354 997 1451 piis
1024 1357 1143 1428 otiam
1170 1351 1417 1431 inhumanam
1444 1361 1482 1431 et
1504 1351 1739 1454 obseaerntm,

263 1533 340 1611 pra
368 1512 484 1592 nadis
506 1515 670 1617 pedibas
697 1517 968 1623 Apostalarnm
995 1532 1127 1606 niveas
1150 1529 1284 1632 faram
1307 1529 1470 1608 volitare
1497 1530 1736 1634 cornipedes,

270 1709 369 1763 aare
409 1694 617 1794 instratos,
662 1722 760 1774 nara
796 1707 935 1800 tectos,
977 1728 1117 1782 anrnm
1158 1707 1399 1807 nmndentes,
1438 1732 1536 1785 anm
1573 1707 1738 1811 deniqne

264 1867 502 1970 propediem,
532 1876 610 1949 nIsi
638 1872 828 1953 Damians
856 1879 1031 1958 servilem
1060 1881 1193 1960 tanam
1219 1892 1406 1984 maneat,
1435 1883 1690 1962 ealeeandas!

842 2107 902 2172 ΕΡ.
927 2109 1009 2175 XIV.
1034 2129 1064 2192 p.
1089 2110 1165 2178 800.

369 2247 479 2350 onis,
509 2273 590 2352 ora,
620 2277 696 2330 stan
719 2254 852 2357 faqiat
868 2255 1126 2361 Babylonem?
1153 2272 1191 2341 et
1217 2269 1401 2341 aitiornm
1429 2263 1545 2341 simnl
1569 2269 1736 2341 anniam

263 2428 303 2498 et
339 2421 482 2502 abaris
515 2451 563 2504 ae
597 2435 717 2507 totins
752 2439 931 2514 miseriae
969 2447 1154 2517 moestam
1189 2440 1368 2520 domam?
1396 2500 1432 2518 ..
1462 2445 1548 2517 nisa
1584 2440 1730 2543 loqnor,

269 2621 346 2674 non
372 2599 534 2678 aadta.
555 2663 588 2680 ..
619 2613 708 2684 noni
735 2621 933 2715 eapertas,
962 2624 1006 2691 nt
1033 2616 1137 2694 natta
1164 2615 1216 2695 at
1238 2622 1383 2721 pietas,
1413 2617 1518 2695 nnlla
1544 2617 1732 2719 charitas,

269 2773 374 2851 nnlla
397 2777 516 2879 fides,
544 2781 649 2858 anila
677 2784 740 2862 dei
766 2797 1003 2890 reverentia,
1033 2793 1159 2871 nnllas
1188 2801 1320 2896 timor,
1349 2794 1446 2888 nillil
1471 2800 1609 2894 saneti,
1638 2792 1735 2875 nttt

268 2955 382 3052 insti,
411 2955 508 3033 nita
533 2964 665 3060 amni,
700 2961 796 3040 nittt
815 2971 947 3067 pensi,
982 2969 1078 3048 niln'l
1110 2971 1272 3075 deniqne
1308 2971 1369 3050 ael
1393 2971 1558 3049 inmani.
1623 2995 1733 3048 amar

264 3129 405 3230 ander,
435 3131 561 3233 deear,
590 3136 737 3213 eander
764 3139 854 3218 inde
879 3144 1047 3222 enniani.
1078 3148 1126 3226 de
1154 3143 1318 3228 veritate
1337 3149 1489 3254 qnidam
1508 3149 1613 3248 sileo,
1642 3173 1732 3224 nam

266 3311 355 3407 qais
382 3333 546 3410 asqaam
573 3337 663 3390 aera
691 3313 808 3416 laenis,
838 3317 902 3397 abi
928 3328 1057 3402 omnia
1084 3325 1296 3404 mendaeiis
1318 3326 1435 3430 plena
1463 3334 1562 3402 sant.

824 3540 885 3605 ΕΡ.
910 3543 1024 3610 XVHI.
1049 3566 1078 3628 p.
1103 3547 1177 3614 806.

366 3678 518 3758 Veritas
536 3681 589 3761 ibi
608 3684 799 3766 dementia
827 3701 898 3793 est,
926 3692 1160 3776 abstinentia
1178 3724 1268 3777 nera
1293 3705 1508 3798 rusticitas,
1532 3696 1728 3801 pudicitia

260 3852 442 3955 prabram
471 3863 619 3960 inqens,
650 3863 813 3968 deniqne
833 3872 1025 3970 peccandi
1049 3874 1204 3954 lieentia
1223 3882 1524 3979 maqnanimitns
1543 3885 1580 3953 et
1608 3873 1729 3952 liber-

265 4038 329 4107 tas
356 4033 512 4134 enimin,
540 4045 579 4114 et
605 4064 679 4140 qao
702 4043 887 4144 pollntiar
921 4072 965 4125 ea
1002 4049 1146 4128 elariar
1178 4061 1272 4155 nita,
1310 4081 1384 4158 qno
1414 4053 1506 4158 plns
1543 4049 1727 4129 scelernm

265 4231 309 4285 eo
332 4208 424 4311 plats
449 4210 610 4315 qlariae,
637 4215 772 4296 bonam
800 4247 934 4302 aaran
961 4252 1076 4306 eaena
1104 4231 1220 4308 eilias
1248 4242 1362 4334 ntqae
1381 4232 1516 4310 altinm
1543 4233 1726 4308 atereiam

258 4384 368 4487 fama
396 4397 553 4467 est

357 4561 499 4644 Malier
535 4573 776 4651 eireamdata
809 4605 987 4683 pnrpnra
1022 4593 1059 4660 et
1095 4593 1248 4664 eoeeinn
1283 4599 1320 4667 et
1347 4593 1533 4704 lnqarnta
1561 4608 1659 4658 aare
1686 4589 1724 4659 et
1860 4577 1863 4586 ’

262 4737 391 4842 lapide
411 4750 587 4846 pretioso
624 4759 662 4825 et
698 4762 943 4858 nmrqaritis,
980 4759 1122 4839 tabens
1144 4766 1323 4868 pandam
1350 4788 1512 4842 meream
1539 4769 1581 4840 in
1607 4783 1723 4837 mann
