4838 6250
499 1259 638 1339 Mouasi
666 1257 765 1336 ilmar
791 1280 862 1334 con
890 1254 1021 1333 furiosa
1052 1254 1165 1332 faccia

562 1448 600 1515 et
627 1437 860 1538 sommergati
888 1444 973 1512 tutta
1001 1436 1143 1512 inmezo
1169 1431 1279 1509 londo

561 1613 700 1692 chomal
729 1612 797 1690 dur
824 1611 945 1689 saraon
975 1613 1031 1689 coi
1060 1614 1138 1690 suoi
1166 1615 1225 1714 gia
1256 1611 1339 1689 fece

562 1802 599 1869 οι
626 1791 715 1869 sella
744 1813 837 1893 pena
865 1789 961 1866 altuo
989 1767 1063 1866 mal⁸
1085 1812 1158 1867 non
1185 1789 1357 1890 rispondo

467 1983 469 1988 '
561 1969 664 2070 pioua
693 1966 801 2044 suoco
831 1965 886 2042 dal
916 1965 986 2042 ciel
1016 1964 1124 2043 chetti
1153 1965 1322 2044 dissacoia

561 2147 665 2224 misto
693 2143 824 2225 dizolso
852 2154 890 2221 et
917 2143 1112 2223 dibollente
1141 2168 1236 2246 pece

563 2323 653 2401 attila
681 2346 793 2426 surga
822 2321 968 2426 etqua!
997 2324 1056 2424 piu
1084 2322 1194 2400 cruda
1223 2346 1319 2400 nece

562 2525 629 2578 uso
658 2511 780 2578 contra
808 2499 893 2576 louil
922 2502 1089 2577 cristiano
1118 2510 1154 2577 et
1183 2512 1307 2578 sancto

562 2702 629 2781 per
655 2681 783 2779 punini
812 2679 958 2779 aragion
988 2702 1030 2756 or
1057 2682 1087 2755 si
1114 2681 1228 2758 rinoui

560 2859 651 2934 torni
680 2854 801 2932 {adura
830 2855 923 2931 same
952 2855 987 2932 el
1016 2859 1116 2933 tristo
1142 2860 1261 2958 pianto

562 3045 600 3111 et
627 3033 727 3111 tutto!
756 3031 822 3109 ma!
852 3031 967 3110 chella
996 3032 1130 3134 giudea
1159 3032 1300 3111 disfece

562 3213 619 3288 coi
647 3209 777 3287 uecchi
807 3209 925 3286 farisei
954 3214 1164 3312 congiunga
1194 3235 1215 3287 e
1245 3215 1354 3317 nuouj

560 3413 651 3491 pace
680 3391 746 3465 mai
774 3413 846 3466 non
875 3391 905 3464 si
933 3389 1048 3492 truouj

561 3588 610 3660 ne
637 3565 918 3645 dimisericordia
947 3557 1089 3668 sopral*
1118 3591 1210 3645 seno

564 3755 621 3822 ate
650 3743 764 3821 chose
793 3744 905 3846 dogni
933 3745 1073 3846 piatade
1101 3744 1233 3848 ignuda

566 3921 691 4024 lacque
720 3920 751 3997 la
781 3932 875 3998 terra
904 3922 938 3999 el
968 3923 1025 3999 cel
1055 3926 1078 3999 ti
1106 3946 1228 4025 uenga
1257 3949 1364 4002 meno

562 4109 599 4177 el·
627 4100 723 4176 doue
751 4111 855 4201 posto
884 4100 995 4200 giuda

562 4276 679 4354 ueder
706 4279 828 4378 possio
857 4281 978 4379 punito
1008 4280 1041 4356 el
1070 4291 1130 4358 tuo
1164 4280 1311 4359 ueleno.

547 4679 562 4712 *
587 4680 697 4739 Scribe:
722 4682 836 4753 sapral.
