4854 6252
978 616 1098 684 XXVII

302 840 405 938 mum,
436 840 519 941 quin
548 839 617 915 imo
637 861 948 940 supervacaneum
974 843 1187 944 putaverim,
1217 863 1312 943 quae
1332 839 1526 918 Petrareae
1548 843 1649 942 quasi
1673 863 1763 942 pro-

304 1016 488 1116 prietates,
517 1025 623 1093 notae
651 1014 732 1093 illae
761 1041 804 1093 ae
832 1017 1085 1120 pervulgatae,
1115 1027 1152 1094 et
1170 1017 1364 1094 verborum
1384 1027 1422 1094 et
1447 1019 1761 1120 comparationum,

305 1193 409 1268 etiam
437 1195 471 1268 in
499 1190 570 1268 hoe
599 1191 728 1269 codiee
757 1192 925 1293 redeunt,
954 1195 989 1271 in
1018 1196 1132 1271 aoiem
1160 1217 1309 1272 vocare.
1376 1190 1464 1270 Nam
1491 1215 1563 1269 non
1591 1190 1763 1272 timnihus

305 1365 395 1444 haee
425 1365 558 1468 scribo,
589 1365 655 1444 sed
675 1369 762 1445 viris
785 1368 932 1447 eruditis
961 1381 999 1448 et
1025 1372 1182 1473 meipso
1207 1393 1331 1447 musae
1350 1367 1593 1447 Petrarelreae
1614 1368 1764 1447 lamilia-

305 1542 470 1621 rioribus.

400 1815 535 1895 Verum
564 1820 658 1896 enim
677 1843 767 1898 vero
788 1819 1015 1900 confidenter
1041 1824 1231 1924 pronuntio
1257 1845 1300 1897 ae
1329 1831 1452 1897 certus
1481 1818 1675 1922 contendo,
1704 1822 1765 1897 vix

305 2015 413 2070 unum
441 1994 665 2099 alterumque
690 2020 802 2099 posse
829 2000 980 2075 inveniri
1015 2000 1050 2074 in
1077 1998 1132 2076 lais
1170 1997 1311 2076 ineditis
1339 1995 1522 2074 Francisci
1551 1992 1765 2073 carminibus

305 2174 501 2272 amatoriis,
536 2171 632 2276 quod
661 2197 732 2250 non
761 2176 795 2250 in
824 2173 929 2252 editis
957 2175 1074 2279 aliquo
1104 2175 1210 2253 modo
1242 2173 1425 2274 reluceat,
1462 2177 1542 2250 sive
1580 2177 1614 2249 in
1642 2170 1765 2249 verbis

308 2356 344 2423 et
372 2353 578 2450 sententiis,
618 2353 698 2427 sive
726 2353 760 2426 in
790 2348 917 2452 figuris
945 2362 982 2428 et
1009 2355 1239 2429 ornamentis.
1304 2348 1353 2428 Et
1381 2353 1410 2426 si
1444 2348 1585 2451 aliquod
1613 2371 1767 2450 poema-

305 2528 390 2600 tium
417 2548 482 2627 pro
510 2549 606 2604 novo
634 2537 671 2604 et
699 2529 885 2628 incognito
912 2527 1166 2606 declarandum
1195 2539 1265 2628 est,
1305 2536 1361 2604 est
1387 2523 1472 2602 illud
1501 2549 1634 2603 novum
1662 2527 1768 2602 eius·
1826 2609 1828 2618 ,

306 2700 388 2779 dem
423 2703 559 2804 ingenii
597 2701 835 2807 eiusdemque
872 2706 1015 2806 spiritus
1052 2716 1341 2806 munumentum,
1386 2725 1508 2805 neque
1545 2702 1638 2779 aliud
1683 2701 1767 2778 inde

304 2877 485 2980 probatur,
515 2882 580 2957 nisi
609 2884 664 2957 sui
693 2881 804 2958 solius
832 2893 973 2984 poetam
1002 2882 1114 2960 luisse
1143 2880 1410 2980 aemulatorem,
1440 2881 1499 2982 qui
1528 2881 1665 2980 ingenii
1693 2901 1766 2955 vo-

304 3052 424 3155 luptati
453 3053 619 3134 lubenter
646 3056 869 3160 indulgeret,
900 3059 965 3137 sed
996 3083 1088 3163 quae
1116 3060 1259 3135 iuvenis
1287 3061 1419 3159 impetu
1445 3058 1561 3157 magis
1581 3066 1618 3131 et
1637 3053 1765 3131 ardore

305 3233 407 3309 animi
445 3246 718 3334 composuerat,
756 3247 881 3337 postea
911 3259 1044 3313 summa
1082 3247 1158 3314 arte
1195 3234 1332 3311 limaret
1366 3243 1403 3309 et
1435 3243 1590 3309 venusto
1628 3230 1765 3309 decore

304 3407 482 3486 indueret.
548 3409 586 3488 ln
614 3434 686 3513 quo
715 3411 832 3490 studio
861 3425 898 3490 et
925 3412 1053 3490 sedulo
1090 3411 1214 3490 labore
1242 3433 1313 3488 non
1349 3419 1406 3486 est
1433 3407 1662 3509 infitiandum,
1691 3429 1762 3484 non

305 3585 397 3662 nulla
426 3609 509 3663 eum
537 3599 597 3666 aut
614 3592 794 3690 omisisse,
823 3612 916 3693 quae
937 3613 1053 3692 aegre
1079 3586 1361 3687 desideraveris,
1389 3595 1448 3662 aut
1472 3585 1683 3661 resecuisse
1704 3585 1764 3659 in-

307 3775 410 3867 tegra
439 3789 481 3842 ac
511 3790 609 3844 sana.

403 4036 571 4118 Continet
589 4043 683 4118 enirn
702 4062 834 4116 revera
853 4037 974 4118 codex
994 4050 1119 4118 noster
1137 4037 1236 4141 plura
1254 4047 1432 4138 poemata,
1453 4055 1545 4137 quae
1566 4037 1649 4110 mira
1670 4056 1761 4136 gra-

301 4221 346 4295 tia
367 4228 405 4294 et
422 4216 582 4320 eleganti
602 4227 792 4294 venustate
813 4215 1051 4319 praecellunt,
1073 4217 1120 4292 uti
1140 4214 1236 4316 quod
1259 4213 1394 4316 legitur
1412 4213 1447 4288 in
1477 4217 1569 4282 Pau.
1594 4214 1637 4282 68
1664 4232 1761 4310 poe-

301 4405 358 4472 tae
384 4404 421 4470 et
437 4391 575 4471 Laurae
594 4396 886 4472 venustissimum
907 4393 1137 4496 colloquium,
1157 4390 1218 4467 vel
1242 4367 1277 4466 in
1306 4396 1398 4462 Pati.
1422 4394 1467 4458 tr
1493 4383 1650 4484 idyllium
1670 4387 1761 4461 sim-

301 4571 456 4673 plicitate
485 4576 740 4651 sententiarum
768 4574 928 4674 insigne,
958 4569 1110 4648 sortasse
1130 4570 1166 4644 in
1185 4590 1341 4643 recessu
1360 4562 1471 4641 Vallis
1491 4559 1645 4640 Clausae
1665 4583 1761 4638 eon-

303 4762 446 4850 eeptum
476 4754 547 4852 [DE
572 4757 678 4825 SADE
705 4751 897 4828 memoires
924 4745 952 4847 l,
987 4746 1112 4843 3461,
1141 4741 1316 4847 quaedam
1344 4752 1461 4818 tamen
1497 4741 1600 4816 etiam
1628 4742 1663 4815 in
1690 4735 1760 4814 hoo

1508 4887 1550 4942 „a
