4838 6250
862 1196 925 1303 Da
953 1227 1038 1328 puoi
1066 1224 1136 1304 che
1163 1224 1260 1303 laura
1288 1199 1355 1302 mid
1384 1224 1542 1304 conobbi
1571 1229 1606 1304 in
1635 1230 1706 1330 qua

927 1401 978 1481 So
1007 1401 1078 1480 che
1106 1427 1191 1481 cosa
1220 1426 1243 1479 e
1271 1426 1444 1505 speranza
1474 1427 1573 1482 amor
1600 1427 1623 1481 e
1652 1401 1688 1482 16

926 1579 1062 1660 Senno·
1090 1581 1193 1656 uirtu·
1221 1578 1331 1657 ualor·
1362 1580 1452 1658 fama
1479 1603 1546 1683 per
1574 1577 1644 1658 ch&

923 1757 970 1835 Di
998 1757 1136 1838 fortuna
1165 1755 1196 1832 la
1224 1769 1325 1836 ruota
1352 1759 1492 1836 intorno
1519 1763 1566 1834 νύ

864 2167 915 2249 Sd
944 2163 1127 2270 quelche
1156 2168 1189 2241 in
1219 2164 1289 2243 ciel
1317 2165 1469 2268 sadopra
1499 2164 1635 2244 anchor
1662 2169 1692 2243 si
1720 2165 1755 2243 11

924 2343 1064 2446 Spesso
1093 2345 1288 2422 conosoier
1315 2342 1400 2446 quel
1430 2340 1499 2419 che
1528 2342 1629 2420 altrui
1656 2365 1729 2420 non
1755 2349 1805 2422 ve

923 2519 975 2600 86
1003 2523 1060 2600 cio
1089 2518 1159 2597 che
1188 2517 1255 2597 chi}
1286 2519 1403 2597 doner
1428 2518 1490 2596 nel
1518 2519 1650 2597 mondo
1679 2519 1715 2598 16

922 2697 997 2778 Per
1023 2699 1160 2800 premio
1189 2696 1418 2801 eguidordon
1445 2697 1478 2775 la
1507 2721 1550 2776 su
1579 2701 1608 2775 si
1635 2703 1682 2775 νύ

864 3108 916 3189 86
944 3098 1102 3212 quanto*
1130 3106 1215 3185 lhon
1241 3131 1290 3184 ne
1319 3106 1352 3183 sa
1380 3118 1512 3208 quanto
1541 3105 1594 3184 far
1619 3111 1667 3207 ρό

924 3283 978 3364 Le
1006 3284 1136 3401 leggia
1165 3283 1329 3387 adempie
1357 3284 1455 3361 unde
1483 3308 1555 3363 non
1584 3283 1675 3360 cade
1704 3287 1767 3387 gili

927 3462 1038 3543 Ede
1065 3463 1161 3541 molti
1188 3462 1220 3540 la
1250 3461 1297 3540 fin
1326 3460 1596 3563 comprehendo
1625 3486 1647 3539 e
1676 3467 1719 3538 εό

865 3873 916 3954 Sd
946 3897 1051 3952 come
1078 3871 1174 3949 laura
1203 3874 1337 3948 mia'et
1364 3873 1396 3947 io
1426 3870 1501 3946 sian
1530 3869 1577 3947 d1'1

922 4049 962 4128 ln
989 4050 1095 4130 uoler
1120 4048 1307 4126 medesmo
1337 4047 1445 4151 equel
1476 4045 1556 4124 chio
1586 4045 1621 4124 16

920 4219 1033 4307 Fazol
1060 4250 1128 4329 per
1154 4225 1202 4305 lei
1231 4226 1301 4304 che
1330 4225 1430 4302 alimi
1460 4248 1531 4303 non
1561 4249 1649 4303 curo
1678 4230 1753 4329 pin.

1739 4317 1755 4449 1

903 4632 918 4665 *
943 4633 1059 4691 Potius:
1084 4632 1211 4704 quando.
