4854 6252
959 582 1031 648 XLI

284 805 421 884 codicis
454 804 560 883 latum
589 815 646 882 εει
673 827 828 906 regnum
858 803 995 884 vocalis
1022 809 1055 904 i,
1092 804 1157 881 scd
1196 804 1288 882 haee
1316 816 1355 882 ut
1388 802 1452 880 alia
1481 804 1659 906 sagaciori
1687 803 1748 880 in·

284 983 446 1086 dagalori
473 981 650 1084 relinquo,
691 984 750 1084 qui
779 981 952 1059 Frideriei
981 981 1082 1059 liiczi
1111 981 1270 1058 doctrina
1300 983 1484 1058 accinctus
1511 983 1547 1056 in
1584 1002 1747 1080 compunt

285 1159 498 1238 descendat.

379 1336 416 1414 ln
444 1360 513 1414 una
542 1334 671 1413 vocula
700 1334 838 1413 codicis
874 1335 1053 1437 paululum
1091 1335 1203 1413 inest.
1269 1333 1464 1413 Secundus
1501 1335 1750 1437 quaternarius

286 1523 377 1589 PAG.
402 1519 447 1588 ιι
474 1515 595 1615 incipit
622 1511 837 1614 componun
873 1515 1088 1614 scripturae:
1121 1512 1188 1589 et'.
1218 1513 1298 1614 citi,
1332 1513 1417 1591 inde
1445 1517 1481 1590 in
1508 1535 1550 1590 rc
1578 1508 1682 1589 dubia
1711 1522 1749 1588 ει

275 1715 383 1768 'nexu
411 1690 513 1768 simul
543 1693 744 1767 sententiae
763 1692 979 1769 intricatione
999 1695 1126 1793 scripsi
1153 1689 1211 1766 clt’
1228 1715 1274 1767 or
1290 1690 1370 1788 citi,
1400 1693 1526 1768 nescio
1554 1715 1597 1768 an
1625 1702 1747 1792 recto,

287 1868 352 1947 scd
382 1867 539 1946 subesse
565 1892 607 1966 r,
637 1890 718 1942 eom
738 1871 961 1970 experientia
980 1865 1294 1969 palaeographiac,
1322 1878 1395 1944 tum
1416 1866 1604 1946 similitudo
1624 1871 1747 1970 scrip-

285 2057 386 2124 turae
414 2046 525 2146 ipsius
543 2045 681 2123 codicis
705 2046 740 2119 in
761 2054 854 2118 PAG.
880 2052 924 2118 98
952 2046 1087 2144 docuit,
1116 2043 1175 2121 ubi
1198 2048 1337 2145 propio
1356 2048 1527 2146 scriptum
1545 2057 1603 2124 εει
1625 2047 1745 2148 p'pio.

285 2222 364 2301 lloc
393 2226 537 2324 signum
565 2217 575 2253 ’
604 2220 722 2298 medio
757 2244 850 2298 aevo
888 2245 1067 2324 persaepe
1105 2219 1253 2298 includit
1286 2218 1456 2322 syllabam
1489 2220 1619 2324 liquida
1653 2248 1675 2296 r
1711 2234 1749 2301 ει

285 2400 397 2503 aliqua
426 2398 541 2477 vocali
570 2409 629 2475 aut
656 2409 738 2474 ante
766 2421 788 2471 r
816 2410 875 2475 ant
902 2409 983 2500 post
1010 2423 1031 2472 r
1065 2396 1362 2500 confingendam3
1397 2400 1430 2474 in
1465 2408 1588 2476 nostro
1616 2397 1746 2476 codice

284 2588 427 2678 praeter
453 2574 544 2652 haec
573 2573 647 2650 duo
670 2573 835 2676 exempla
864 2599 935 2652 non
963 2578 1106 2653 tertium
1131 2575 1248 2652 adest.

377 2754 414 2830 Si
443 2757 502 2854 qui
532 2763 659 2852 erunt,
698 2756 758 2853 qui
787 2763 931 2852 praeter
965 2775 1091 2853 purum
1126 2763 1246 2854 putum
1282 2763 1417 2829 textum
1456 2756 1745 2855 commentarios,

283 2955 354 3009 non
391 2930 472 3007 dico
510 2933 569 3034 qui
607 2952 728 3007 rernm
765 2942 976 3031 argumenta
1012 2941 1049 3007 ει
1084 2933 1277 3006 carminum
1314 2931 1512 3006 sententias
1547 2929 1743 3034 explicent,

283 3106 348 3185 sed
377 3111 437 3211 qui
464 3111 621 3184 rationes
649 3109 904 3209 grammaticae
939 3121 976 3185 ct
1004 3108 1198 3187 verborum
1225 3132 1330 3186 usum
1357 3111 1563 3210 respiciant,
1594 3109 1743 3213 cliiagi-

282 3297 372 3385 tent,
401 3284 468 3361 illis
495 3297 629 3362 memet
656 3288 770 3386 ipsum
808 3285 939 3363 lubens
967 3285 1146 3364 adscribo.
1214 3284 1288 3364 Sed
1323 3295 1361 3363 ut
1393 3284 1463 3361 hoc
1501 3286 1653 3363 alienum
1682 3287 1745 3365 init

283 3460 326 3539 ab
354 3461 458 3539 liuius
486 3461 556 3540 loci
587 3468 869 3566 opportunitate,
904 3467 949 3541 ita
978 3476 1034 3542 εει
1062 3468 1205 3542 materia
1232 3465 1323 3540 ineis
1351 3461 1487 3540 viribus
1515 3488 1586 3541 non
1615 3487 1743 3568 aequa,

282 3663 495 3743 quanquam,
525 3644 572 3717 uti
600 3639 652 3742 lit,
681 3645 881 3745 conquisivi
911 3659 949 3719 ει
967 3641 1127 3745 disposui
1155 3653 1214 3718 aut
1241 3664 1382 3716 mecum
1406 3639 1619 3742 deliberavi,
1650 3665 1743 3746 qnae

283 3816 324 3893 ad
362 3816 439 3892 illas
474 3819 631 3894 rationes
669 3821 866 3919 pertinent,
904 3846 946 3897 ac
984 3844 1032 3897 ne
1069 3843 1218 3922 pmrsus
1254 3821 1417 3896 immunis
1455 3830 1492 3894 et
1528 3805 1742 3914 ἀσύμβολος

283 3992 485 4094 discedam,
523 3993 738 4096 glossarium
775 3995 911 4097 adieci,
949 4000 983 4073 in
1022 4021 1093 4099 quo
1128 4020 1221 4099 quae
1264 3998 1415 4072 maxime
1453 4005 1512 4071 ant
1548 3994 1740 4098 singularia

283 4183 341 4248 ant
375 4174 515 4273 propria
553 4170 785 4274 videbantur,
825 4186 1004 4276 congesta
1042 4186 1142 4272 sunt,
1181 4184 1326 4249 tenuem
1365 4175 1491 4273 stipem
1526 4175 1560 4248 in
1597 4170 1741 4250 lexicon

283 4344 554 4448 Petrarclnenm,
592 4348 687 4450 quod
716 4353 848 4451 pariter
874 4354 908 4428 in
938 4319 1129 4428 desideriis
1169 4359 1226 4425 cst
1263 4360 1370 4451 atque
1404 4348 1511 4425 editio
1548 4353 1740 4425 carminum

283 4522 322 4599 ad
361 4546 502 4601 normas
545 4528 688 4601 criticas
726 4526 897 4628 adaptata
975 4525 1137 4627 Namque
1180 4525 1234 4602 his
1278 4529 1365 4627 ipsis
1403 4525 1527 4602 studiis
1565 4528 1738 4628 cognovi,

282 4700 385 4778 multa
414 4699 458 4777 ab
486 4705 625 4804 antiqua
654 4703 876 4803 simplicitate
897 4716 933 4781 ει
953 4707 1110 4804 genuina
1141 4703 1249 4780 l'orma
1278 4704 1504 4778 recentiores
1523 4700 1738 4804 detraxisse,

1513 4851 1531 4904 r
