4854 6252
1091 610 1150 678 VH

392 843 457 909 tus
479 832 570 935 plats
596 857 712 935 quam
734 837 894 936 priscus
921 839 959 910 et
981 837 1131 935 passim
1155 833 1242 935 scre
1266 831 1468 933 obscurus,
1497 841 1625 910 tamen
1652 836 1711 910 itu
1737 841 1781 909 ut
1806 830 1861 909 ad

391 1008 562 1110 linquam
592 1008 805 1086 l'ascauam
839 1007 926 1086 loni
961 1009 1108 1088 saeculi
1135 1015 1439 1112 appropinquem
1472 1009 1623 1112 formae
1658 1007 1859 1087 cerdonum

391 1192 609 1285 rauciares,
638 1189 853 1264 sentcntiae
879 1184 991 1262 ualde
1025 1183 1211 1264 obscurae
1246 1210 1316 1264 nce
1350 1192 1479 1264 miuus
1515 1196 1716 1264 structura
1743 1210 1858 1288 quam

392 1387 520 1440 rerum
548 1386 651 1440 uecu
688 1386 805 1465 saepe
836 1387 1022 1465 perquam
1060 1362 1251 1466 difficiles.
1319 1363 1495 1441 Ceterum
1529 1369 1647 1442 etiam
1673 1359 1857 1441 librarius

390 1545 549 1642 suepurs
577 1537 766 1616 titubavit.

483 1715 591 1792 llaec
622 1721 800 1818 pretiosa
832 1718 1055 1820 srapmcnta
1083 1721 1379 1818 antiquissimae
1406 1719 1513 1820 apud
1539 1718 1661 1795 Italas
1692 1742 1856 1822 poeseos

390 1919 460 1970 cur·
487 1891 701 1969 audeamus
728 1898 807 1995 ipsi
823 1891 1061 1971 Petrarcltac
1087 1892 1299 1993 uindicare,
1328 1894 1491 1973 alterius
1518 1894 1592 1972 ioci
1614 1901 1689 1973 erit
1708 1892 1855 1973 delibe-

388 2073 529 2147 ratio.“

481 2246 558 2340 Qua
587 2269 663 2350 ego
700 2249 756 2324 via
795 2259 832 2324 et
868 2252 1005 2328 ratione
1042 2261 1246 2353 quantaque
1283 2252 1317 2326 in
1354 2272 1396 2326 re
1435 2261 1501 2326 tarn
1539 2247 1672 2328 dillicili
1710 2275 1753 2327 ac
1791 2250 1852 2327 lu-

385 2423 482 2501 brica
525 2449 630 2528 quam
667 2427 834 2526 specioso
872 2437 979 2529 atque
1014 2425 1137 2504 illustri
1175 2451 1263 2504 usus
1301 2429 1479 2504 anxietate
1522 2425 1612 2504 haec
1651 2425 1849 2529 fragmenta

385 2614 515 2703 poetae
544 2601 695 2680 Aretino
728 2601 912 2679 vindicare
943 2602 1161 2705 studuerim,
1197 2603 1232 2681 id
1266 2607 1300 2682 in
1329 2603 1493 2682 sollemni
1521 2607 1700 2681 concione
1736 2604 1848 2706 palam

385 2778 472 2854 leci:
494 2776 634 2856 ‘Ueher
652 2779 1001 2881 neuaulgelundene
1020 2778 1254 2882 Dichtungen
1275 2779 1485 2858 Franeesco
1502 2777 1717 2858 Petrarca⁷s
1748 2779 1849 2860 Vor-
1950 2785 1957 2804 ⁹

384 2967 467 3056 trag
492 2958 527 3033 in
555 2955 622 3032 der
650 2953 884 3034 tillentliehen
913 2955 1067 3058 Sitzung
1094 2955 1161 3034 der
1189 2955 1326 3059 konigl.
1350 2955 1548 3034 Akademie
1576 2956 1644 3034 der
1667 2953 1847 3034 Wissen·

384 3130 548 3210 schalten
576 3156 631 3210 am
663 3139 731 3214 ti.
752 3131 850 3212 Minu
887 3137 998 3214 1858
1029 3157 1094 3210 zur
1112 3130 1283 3210 Vorleier
1309 3131 1407 3210 ilues
1440 3139 1508 3214 99.
1531 3130 1846 3235 Stiltungstages.'

384 3307 552 3412 Aequum
582 3321 639 3388 est
666 3335 725 3388 nne
753 3333 811 3412 ea,
841 3335 935 3415 quae
962 3323 1137 3414 tamquam
1166 3314 1253 3388 intra
1273 3308 1439 3411 oppidum
1458 3308 1677 3387 Academiae
1697 3311 1739 3388 od
1768 3332 1846 3388 eam

380 3489 583 3588 opinionem
611 3486 828 3565 fulciendam
856 3499 893 3564 et
921 3486 1218 3590 comprobandam
1246 3486 1394 3588 protuli,
1432 3485 1488 3562 hic
1516 3489 1608 3564 iusto
1632 3486 1758 3566 ordine
1779 3511 1846 3564 re·

380 3675 509 3764 petere
537 3674 644 3767 atqua
673 3666 852 3742 concinne
881 3663 1081 3742 declarare.

476 3837 618 3917 Etenim
655 3840 741 3918 lieet
776 3864 834 3918 me
872 3844 950 3943 ipso
987 3852 1025 3917 et
1052 3843 1195 3920 nomine
1225 3851 1262 3917 et
1289 3851 1410 3918 natura
1440 3843 1501 3916 vix
1534 3843 1754 3942 inveniatur,
1784 3845 1843 3946 qui

383 4020 428 4094 sit
464 4019 580 4119 magis
617 4017 825 4095 incredulus
860 4021 1050 4121 magisque
1089 4022 1136 4096 uti
1174 4019 1273 4119 aliis,
1311 4021 1355 4094 ito
1394 4015 1525 4119 edepol
1563 4021 1666 4094 etiam
1703 4015 1846 4095 sibimet

381 4191 572 4294 tttttens,
601 4205 697 4272 tanto
731 4193 901 4273 hermaeo
938 4208 1083 4298 praeter
1110 4198 1400 4298 expectationem
1438 4217 1487 4271 ex
1515 4192 1696 4294 locuplete
1725 4193 1842 4272 iodina

379 4369 534 4472 prolato,
572 4392 644 4447 non
681 4371 788 4450 modo
823 4375 949 4473 instat,
985 4373 1080 4477 quod
1118 4396 1181 4476 par
1209 4383 1280 4472 est,
1315 4375 1550 4448 cinctutorum
1585 4369 1738 4446 iudicum
1767 4369 1840 4447 du-

377 4544 516 4648 bitatio,
547 4548 718 4624 acerrima
747 4550 907 4627 vanitatis
935 4547 1154 4652 indagatrix,
1184 4547 1382 4625 sedetiam
1412 4545 1563 4648 maligna
1593 4545 1836 4646 incredulitas,

378 4722 531 4800 invidiae
560 4745 664 4800 soror
691 4747 863 4826 germana
891 4770 952 4782 -
984 4716 1214 4820 morou-ru
1248 4713 1325 4824 ἤδη
1358 4721 1418 4798 καὶ
1450 4709 1684 4798 daemonnm.
1737 4721 1840 4802 llane
1979 4703 1984 4712 ’
