4838 6250
856 1218 930 1296 Per
956 1228 992 1294 te
1020 1219 1108 1319 ogni
1136 1214 1236 1294 ualor
1263 1218 1322 1292 uie
1351 1217 1410 1315 piu
1438 1217 1597 1317 sispreza

918 1393 987 1472 ohe
1013 1417 1081 1496 per
1108 1392 1139 1470 le
1168 1393 1344 1495 disperata
1373 1394 1489 1496 inique
1518 1415 1671 1496 gregge

919 1570 1000 1649 chel
1029 1569 1127 1649 furor
1153 1569 1188 1648 di
1216 1569 1334 1648 Sarum
1361 1579 1534 1647 tormenta
1562 1581 1601 1647 ed
1626 1592 1752 1670 preme

919 1746 1000 1849 quel
1028 1745 1210 1825 barbarica
1238 1757 1353 1847 gente
1381 1748 1448 1823 mai
1476 1749 1506 1824 si
1533 1745 1651 1849 legge

921 1935 1002 2003 uota
1029 1927 1090 2026 piu
1117 1923 1152 2002 di
1180 1923 1331 2026 cosdumj
1361 1933 1399 2000 et
1425 1927 1565 2027 peggio
1593 1947 1704 2002 aueza

921 2124 1010 2178 eder
1036 2103 1196 2202 sispento
1224 2099 1258 2177 di
1286 2099 1441 2178 uertutel
1471 2121 1573 2178 seme

921 2279 1031 2355 miser
1058 2275 1114 2354 chi
1142 2289 1372 2380 sargumenra
1399 2301 1421 2356 ο
1449 2277 1588 2380 prende
1616 2302 1744 2380 sperne

921 2454 981 2532 del
1010 2478 1076 2531 suo
1104 2452 1176 2532 ben
1204 2477 1334 2556 operer
1360 2477 1403 2532 se
1430 2455 1498 2557 maj
1527 2453 1627 2533 sifide

921 2630 1014 2710 nella
1042 2643 1099 2708 tua·
1127 2631 1244 2708 uenite
1271 2630 1424 2734 maligna
1453 2643 1544 2709 seda

919 2806 1057 2910 perche
1084 2806 1213 2910 lempia
1241 2817 1299 2885 dua
1327 2806 1410 2910 gode
1440 2808 1527 2884 altro
1556 2831 1628 2887 non
1655 2807 1757 2910 gride

921 2984 990 3063 che
1019 2982 1143 3062 dhesor
1169 2983 1373 3084 possedere
1403 2993 1440 3060 et
1467 2987 1567 3062 trisro
1596 3007 1708 3087 geme

920 3160 977 3239 chi
1005 3159 1116 3239 daupi
1144 3159 1291 3263 degnits
1319 3183 1427 3237 senze
1453 3183 1519 3238 oro
1547 3171 1684 3262 aspersa

920 3338 953 3416 le
982 3349 1103 3415 sancta
1132 3361 1239 3440 sposa
1268 3336 1377 3416 elette

922 3512 1101 3593 atriumfar
1127 3513 1187 3593 nel
1216 3514 1286 3592 ciel
1314 3513 1417 3593 beda
1446 3525 1484 3592 ed
1515 3513 1608 3593 bede

921 3716 988 3796 per
1015 3690 1185 3769 rieeheze
1213 3704 1360 3770 terrene
1388 3693 1484 3769 inuoi
1512 3692 1661 3770 sisdretie
1795 3731 1799 3738 ⁴

921 3867 1034 3948 siehel
1062 3866 1177 3946 uerbo
1204 3867 1300 3946 diuin
1328 3890 1391 3970 par
1418 3865 1488 3944 che
1515 3866 1645 3945 diuelle

920 4057 1015 4125 danto
1042 4045 1124 4125 dete
1152 4070 1215 4122 sua
1244 4047 1356 4148 gretie

923 4234 1053 4329 quando
1080 4234 1117 4300 tu
1146 4221 1206 4301 nel
1235 4221 1356 4300 melsar
1384 4219 1618 4324 gliseribelle.
