4854 6252
1370 553 1459 618 XXX

780 777 859 858 Nec
888 775 992 856 abest
1018 775 1208 880 utrobique
1236 775 1437 855 infortunati
1466 773 1692 874 exclamatio,
1721 773 1767 850 ibi
1795 775 1830 849 in
1859 783 1979 849 stanza
2008 774 2127 874 quinta

1169 948 1290 1019 misero
1316 969 1370 1019 nac
1397 945 1456 1018 clue
1482 946 1564 1018 colli
1592 1001 1621 1017 ..

683 1114 741 1192 bic
769 1113 838 1193 sub
865 1119 1029 1194 carminis
1058 1115 1167 1194 finem

1161 1286 1193 1357 io
1220 1291 1296 1357 note
1323 1307 1341 1355 e
1367 1283 1406 1354 dt
1433 1304 1477 1354 uo
1503 1283 1626 1354 masere
1655 1336 1685 1350 ..

686 1449 854 1530 Ultimum
883 1421 973 1530 vero
993 1430 1092 1524 PdG.
1116 1458 1161 1524 ta
1185 1473 1334 1528 versum

1003 1619 1042 1690 Ε
1070 1623 1162 1693 lierni
1188 1646 1211 1694 o
1238 1644 1291 1693 me
1317 1621 1356 1692 di
1381 1643 1434 1692 otc
1459 1620 1626 1692 nudante
1654 1621 1691 1691 in
1718 1618 1829 1692 borcdo

683 1789 814 1889 repelli
841 1793 1027 1861 SONETTO
1051 1795 1107 1878 (bn
1130 1795 1195 1860 vito
1218 1793 1249 1859 di
1273 1795 1317 1860 bl.
1341 1794 1469 1877 Laura')
1492 1793 1634 1858 XLVIII.

1167 2011 1196 2027 ..
1227 1957 1341 2048 quello
1367 1958 1438 2028 mio
1466 1957 1597 2028 acation

954 2114 1015 2187 ot’
1044 2137 1148 2187 ancer
1175 2139 1227 2188 nte
1254 2117 1292 2186 di
1320 2138 1371 2187 nte
1397 2122 1502 2188 stesso
1530 2122 1604 2187 lene
1631 2117 1667 2188 in
1694 2116 1815 2188 beredo.

783 2367 919 2462 Quodsi
948 2375 1142 2448 carminum
1169 2371 1343 2474 reliquiae
1372 2372 1602 2472 amicorum,
1632 2394 1721 2474 quas
1750 2373 1909 2449 servavit
1928 2370 2048 2449 codex
2075 2395 2148 2449 no-

689 2558 784 2647 ster,
814 2548 951 2624 maxiani
980 2558 1062 2623 sunt
1089 2547 1343 2648 aestimandae,
1374 2570 1457 2623 oum
1484 2546 1579 2650 quod
1609 2546 1765 2625 indolem
1793 2571 1835 2624 ac
1864 2547 1977 2624 studia
2010 2547 2148 2625 AretIni

687 2733 818 2826 poetae
844 2721 1129 2801 luculentissime
1158 2725 1333 2826 aperiunt,
1371 2733 1444 2800 tum
1473 2725 1553 2826 quia
1592 2723 1674 2801 inde
1703 2722 1747 2801 ad
1775 2723 2014 2802 illustrandam
2043 2750 2148 2829 quam

685 2900 793 2980 bodie
822 2900 944 2978 dicunt
971 2898 1149 2977 historiam
1177 2901 1355 2978 sermonis
1383 2898 1490 2978 ltalici
1518 2900 1619 3002 larga
1642 2903 1811 2978 materies
1835 2904 1988 3004 congeri
2014 2914 2147 3004 potest,

685 3101 757 3157 non
785 3079 930 3154 minoris
957 3079 1059 3179 pretii
1088 3074 1273 3153 censenda
1301 3073 1470 3153 videntur
1497 3099 1584 3154 esse
1618 3088 1741 3155 cetera
1782 3077 2000 3180 fragmenta,
2029 3077 2148 3158 bisto-

685 3258 760 3334 rica
796 3254 856 3331 vel
893 3253 1052 3353 moralia⁷
1090 3275 1182 3355 quae
1220 3252 1478 3355 appellaveris,
1514 3257 1681 3331 carmina.
1748 3253 1840 3348 Quin
1878 3254 1970 3333 adeo
2003 3269 2151 3358 propter

688 3455 808 3509 rerum
843 3432 1054 3533 gravitatem
1082 3432 1213 3531 pariter
1240 3439 1347 3531 atque
1378 3429 1564 3506 facundiae
1591 3430 1790 3509 libertatern
1818 3430 1965 3533 babent,
1994 3454 2066 3534 quo
2087 3432 2149 3509 vel

689 3608 745 3685 illa
773 3609 936 3685 amatodo
974 3617 1161 3708 superent.
1227 3603 1286 3683 An
1323 3609 1403 3709 quis
1432 3617 1502 3708 est,
1538 3609 1622 3709 quin
1659 3620 1790 3710 poetae
1828 3610 1862 3684 in
1898 3607 1953 3685 bis
1980 3609 2150 3686 versibus

690 3783 974 3862 ardentIssimum
1011 3784 1144 3884 patriae
1182 3806 1353 3884 amorem,
1394 3805 1565 3860 severum
1601 3786 1637 3859 in
1674 3782 1810 3861 saeculi
1847 3787 1929 3862 vitia
1967 3783 2149 3888 iudicium,

689 3984 775 4038 acre
802 3961 962 4037 veritatis
997 3957 1165 4059 studium,
1202 3961 1345 4060 insigne
1373 3958 1588 4038 humanioris
1625 3958 1834 4039 eruditionis
1863 3961 2049 4062 exemplar
2075 3985 2150 4064 ag-

690 4149 839 4236 noscat,
878 4135 1084 4237 praedicet,
1123 4134 1345 4213 admiretur?
1416 4133 1465 4214 to
1500 4140 1581 4240 quis
1618 4148 1697 4238 est,
1734 4143 1763 4215 si
1802 4138 1946 4241 quidem
1983 4137 2152 4217 abhorret

689 4310 940 4392 tenebricosos
976 4310 1141 4389 libidines
1169 4323 1207 4390 et
1233 4311 1490 4390 nocticolarum
1525 4311 1680 4392 obscura
1716 4318 1920 4416 tentamina,
1951 4317 2035 4418 quin
2063 4337 2151 4393 ser-

690 4492 781 4569 vatis
809 4488 864 4566 bis
891 4486 1048 4567 liberalis
1085 4489 1221 4589 ingenii
1249 4491 1458 4567 testimoniis
1487 4513 1533 4568 eo
1568 4493 1683 4593 magis
1710 4491 1882 4594 gaudeat,
1921 4516 1993 4596 quo
2020 4495 2151 4570 rariora

688 4670 767 4746 eius
796 4668 907 4768 ipsius
934 4689 1145 4744 remansere
1173 4678 1414 4767 monumenta⁷
1448 4691 1520 4770 quo
1554 4671 1689 4746 certius
1727 4680 1784 4745 est
1816 4671 1955 4770 impiam
1983 4671 2150 4770 pietatem
