4854 6252
968 643 1059 713 XVII

520 861 680 935 Poscomi
707 866 746 935 co·
772 865 880 956 dolor,
902 865 1102 956 plangendo
1130 866 1225 953 rido;

519 1009 749 1117 Eyaolorcrzie
775 1027 824 1096 mi
849 1028 966 1116 spicae
992 1033 1098 1098 omrte
1125 1049 1143 1098 e
1169 1025 1251 1096 olto.
1389 1042 1392 1048 ·

521 1185 826 1275 laqueosum
853 1208 925 1275 sora,
954 1183 1095 1272 Douma,
1118 1207 1186 1275 per
1212 1183 1281 1253 oui.

374 1419 465 1498 lilire
494 1423 689 1499 concinunt
723 1445 766 1498 ea
794 1423 983 1524 poematia,
1013 1445 1106 1524 quae
1134 1418 1283 1497 lauram
1311 1430 1471 1519 amatam,
1500 1415 1638 1496 laurae
1665 1421 1745 1496 rir-

280 1608 390 1696 tutcs‚
419 1594 557 1675 Laurac
585 1596 840 1675 formositatem
867 1595 1031 1675 laudibus
1060 1595 1228 1675 efferunt.
1277 1591 1333 1672 Ea
1360 1598 1497 1672 ratione
1524 1594 1746 1672 conterenda

279 1784 375 1874 sunt,
405 1797 498 1875 quae
527 1778 717 1876 congessit
747 1785 804 1848 DE
828 1783 936 1850 SADE
972 1772 1180 1851 ‘liemoires
1207 1796 1298 1874 pour
1324 1771 1355 1849 la
1374 1775 1435 1851 vie
1463 1771 1510 1849 de
1532 1767 1743 1874 Petrarquc'

279 1947 306 2026 Ι.
337 1955 416 2030 122
440 1973 520 2054 sqq.
549 1950 724 2029 —licet
754 1950 814 2029 ille
841 1975 914 2028 non
943 1974 1091 2052 prorsus
1120 1951 1234 2027 omnia
1263 1947 1470 2027 exhauserit
1486 1937 1550 2004 ’-
1574 1971 1656 2024 cum
1684 1949 1739 2049 iis,

279 2150 373 2230 quae
406 2134 560 2208 carmina
589 2133 624 2207 in
655 2135 777 2202 PAGG.
802 2135 855 2218 21,
880 2133 933 2216 28,
959 2136 1012 2216 61,
1038 2133 1091 2216 70,
1116 2134 1170 2214 86,
1196 2131 1249 2213 89,
1274 2132 1318 2198 tid
1349 2125 1569 2228 praedicant.

373 2341 476 2433 Quod
506 2343 591 2419 dicit
617 2341 784 2444 adagium
811 2348 851 2416 ἐκ
878 2331 949 2414 τοὺ
976 2329 1068 2434 dodo
1096 2339 1267 2442 γίγνεται
1298 2325 1343 2410 ad
1370 2327 1479 2430 ἐρᾶν,
1513 2336 1548 2414 ld
1576 2341 1637 2412 vix
1665 2340 1746 2439 quis

279 2519 368 2596 alius
396 2530 501 2621 poeta
528 2518 677 2596 uberius
715 2529 753 2596 et
788 2517 972 2596 ardentius
1010 2518 1163 2594 cantavit
1191 2513 1341 2590 Aretino
1378 2523 1521 2614 nostro,
1557 2513 1745 2590 oculorum

278 2696 443 2775 dominae
487 2719 576 2773 suae
619 2693 802 2772 laudatore
845 2693 1029 2771 fascinato.
1094 2689 1193 2769 ldem
1230 2689 1334 2767 nobis
1376 2692 1568 2791 imaginem
1604 2687 1743 2766 Laurae

278 2899 366 2954 suae
393 2873 548 2975 plenam,
577 2876 754 2974 integram
783 2882 821 2947 ct
846 2880 979 2948 tantum
1006 2891 1079 2946 non
1113 2865 1243 2943 nudam
1271 2869 1471 2968 expressim
1506 2877 1624 2944 amen
1651 2889 1739 2967 par-

277 3051 384 3130 ticula
419 3050 540 3128 vultus
568 3048 685 3127 adhuc
719 3048 869 3148 latebat,
898 3050 1033 3124 narium
1062 3043 1185 3122 iorma.
1250 3040 1299 3121 Ut
1333 3043 1380 3121 de
1414 3067 1458 3120 ea
1492 3064 1637 3145 quoque
1671 3065 1740 3117 ac-

277 3232 466 3333 quiescant
493 3229 639 3326 curiosi,
668 3226 731 3304 fiet
758 3227 826 3301 iam
852 3247 968 3301 versu
999 3230 1091 3295 PAG.
1118 3227 1200 3293 109:

570 3422 644 3495 nat
669 3445 755 3495 uoco
783 3421 879 3493 cirico
906 3421 933 3491 il
959 3420 1022 3492 ciel
1042 3439 1110 3508 per
1133 3420 1251 3508 oratio
1278 3415 1417 3506 efferae,

277 3621 336 3698 ubi
365 3625 399 3697 in
427 3643 534 3722 prosa
560 3615 760 3719 legendum
788 3624 882 3691 erat:
909 3608 1020 3688 ettae
1047 3607 1104 3685 clr’
1131 3607 1162 3684 il
1187 3606 1261 3686 ciel
1286 3619 1359 3684 etc.

372 3857 501 3938 'lotum
536 3880 627 3936 vero
668 3855 738 3932 hoc
776 3873 922 3930 carmen
966 3847 1211 3926 abundantiam
1238 3838 1340 3923 'illam
1379 3825 1544 3944 redolet,
1581 3843 1629 3921 de
1667 3867 1736 3945 qua

276 4040 381 4115 nimia
409 4047 446 4113 et
474 4033 579 4112 iacile
606 4029 759 4110 absurda
792 4032 963 4133 princeps
991 4027 1196 4103 criticorum
1221 4021 1433 4099 Germaniae
1461 4018 1676 4122 Lessingius
1703 4021 1738 4095 in

211 4221 215 4228 ’
276 4212 483 4292 Laocoonte
510 4209 730 4335 lepidissime
759 4208 913 4308 scripsit.

368 4423 465 4503 lnter
483 4423 540 4500 illa
559 4423 713 4499 carmina
731 4421 883 4496 maxime
902 4416 968 4494 sibi
986 4424 1192 4517 congruunt
1224 4416 1411 4486 SONETFO
1434 4415 1515 4480 CLX
1538 4413 1608 4480 coll.
1623 4413 1735 4498 cvm,

276 4615 309 4676 et
339 4609 432 4674 PAG.
457 4607 515 4688 21,
558 4620 667 4701 quum
715 4617 860 4672 carmen
898 4601 990 4668 PAG.
1021 4598 1065 4666 86
1106 4595 1278 4668 intextum
1321 4587 1484 4663 invenias
1529 4580 1735 4685 ‘Triumpho

275 4773 470 4880 castimis',
499 4775 554 4854 his
583 4773 726 4877 quidem
753 4769 937 4850 versibus:

1504 4905 1525 4960 c
