4854 6252
908 577 1047 646 xm.

245 826 362 880 mann
388 801 592 879 retralrant
618 805 819 878 iuvencam
846 807 960 902 atque
987 799 1058 878 lucc
1075 825 1193 878 nrnrm
1218 806 1428 880 seiaectatis
1455 801 1613 880 ultimae
1640 801 1710 879 la-

243 1003 351 1055 anm
372 987 527 1082 putarit,
556 1003 604 1060 ea
627 979 760 1082 faede
786 1001 894 1080 qaae
913 983 1071 1056 avenes
1098 1003 1175 1056 non
1201 978 1399 1058 auderent.
1448 977 1540 1056 Hcs·
1557 984 1708 1058 anicios

243 1163 282 1233 et
317 1154 552 1250 lustraturus
588 1153 723 1232 tribuit
760 1153 848 1231 ltine
874 1152 1052 1232 Bacchas
1087 1155 1309 1257 indomitus,
1343 1156 1432 1234 linc
1464 1155 1709 1234 orientalium

245 1336 307 1409 uis
342 1328 597 1409 Baccluararn.
671 1330 704 1410 0
746 1330 938 1432 Lipastiei
973 1341 1011 1411 et
1049 1331 1238 1437 Campani
1273 1333 1474 1437 palmites,
1519 1359 1541 1411 o
1579 1331 1710 1410 arua

246 1509 458 1586 arundines
493 1518 532 1586 et
566 1508 719 1587 indicae
747 1514 949 1609 uiprantes
981 1508 1210 1589 arbusculae
1245 1511 1299 1588 ad
1330 1511 1513 1590 Mrwstas
1548 1510 1710 1590 delicias

247 1694 286 1764 et
312 1685 503 1763 utilitates
530 1685 721 1764 hominm
747 1697 917 1790 creatae,
956 1693 999 1764 in
1026 1712 1246 1790 querneus
1273 1696 1311 1765 et
1337 1697 1522 1791 quadarn
1549 1693 1709 1766 antra-

244 1889 332 1940 rana
356 1868 565 1966 perniciem
595 1863 814 1967 clademque
841 1867 1058 1944 vertimini!
1095 1874 1245 1970 spectat
1272 1865 1368 1944 llaec
1394 1864 1545 1944 Satluan
1576 1865 1710 1945 ridens

246 2049 361 2144 atqrae
388 2046 546 2144 inpari
572 2043 744 2147 tripudio
773 2042 985 2166 delectatas
1019 2049 1194 2145 interque
1231 2043 1448 2148 deuepitm
1481 2069 1529 2120 aa
1558 2041 1711 2148 puellas
1849 2135 1853 2144 ‚

244 2215 391 2296 arbiter
418 2217 558 2297 sedern
585 2229 713 2323 stupet
735 2221 826 2324 plus
853 2221 939 2299 illos
967 2245 1085 2322 apere
1111 2246 1226 2324 qnam
1254 2246 1296 2299 se
1322 2221 1485 2298 luortari.

217 2547 219 2550 ’
338 2537 463 2618 Restat
490 2549 529 2618 ιιι
555 2538 602 2618 de
632 2540 740 2620 lorma
769 2540 874 2618 huius
902 2539 1067 2619 editionis
1095 2499 1207 2644 pauca
1242 2565 1419 2619 moneam.
1486 2539 1603 2634 Quurn
1637 2561 1710 2618 non

247 2719 326 2793 sine
354 2719 443 2794 iusto
471 2721 608 2796 ratione
643 2718 801 2821 collegio
830 2719 1044 2821 amplissimo
1073 2719 1281 2822 placuisset,
1320 2720 1485 2806 codicem
1513 2723 1558 2797 itu
1586 2720 1709 2798 eden-

245 2893 329 2972 dum
358 2918 458 2996 esse,
495 2907 533 2973 ut
564 2898 675 2998 ipsius
704 2900 803 3000 quasi
837 2897 985 2976 alterurn
1021 2897 1206 2999 exemplar
1240 2900 1432 3000 unicuique
1461 2908 1543 2975 ante
1579 2897 1706 2976 oculos

246 3083 464 3174 poneretur,
503 3097 622 3152 meum
659 3087 757 3175 erat,
797 3100 878 3152 eum
908 3099 1043 3152 summa
1071 3075 1143 3154 fide
1171 3075 1231 3153 vel
1270 3079 1304 3189 in
1333 3075 1512 3176 punctillis
1541 3079 1707 3178 exsequi,
1771 3143 1772 3146 ι

247 3253 343 3354 quod
373 3252 571 3331 mandatum
600 3263 714 3332 esset.
766 3252 853 3331 lude
883 3253 1012 3332 lactum
1042 3265 1111 3354 est,
1142 3265 1277 3332 utnon
1307 3253 1423 3330 solum
1449 3264 1585 3353 textus,
1614 3275 1709 3355 qua·

245 3427 288 3505 lis
316 3430 350 3504 in
380 3432 458 3530 ipso
487 3429 617 3508 codiee
646 3433 817 3532 cernitur,
853 3434 1007 3509 intactus
1041 3444 1148 3535 atqrae
1185 3434 1385 3508 immutatus
1413 3454 1495 3507 cunr
1524 3453 1591 3508 suo
1619 3454 1710 3533 pro·

210 3650 215 3660 ·
247 3609 323 3708 prio
352 3604 470 3684 habitu
499 3618 556 3709 et,
585 3620 624 3686 ιιι
649 3610 693 3685 ita
722 3609 857 3711 dicam,
888 3632 955 3687 suo
984 3608 1086 3686 vultu
1113 3613 1219 3687 etiarn
1247 3606 1304 3685 hic
1333 3605 1607 3710 diligentissima
1636 3632 1710 3686 ex·

250 3807 362 3860 casus
391 3787 448 3886 sit,
477 3787 738 3863 verumetiam
766 3789 939 3886 carmina,
976 3789 1024 3863 uti
1053 3798 1137 3864 sunt
1164 3789 1365 3865 continuata
1393 3809 1515 3888 neque
1543 3785 1711 3863 librario-

185 3973 198 3988 ’
245 3982 322 4037 rum
351 3964 445 4039 notis
473 3960 649 4062 distincta,
678 3965 712 4040 in
741 3988 910 4042 scaenam
944 3964 1130 4065 prodeant.
1200 3963 1328 4067 Neque
1366 3975 1485 4042 tannen
1519 3963 1611 4042 adeo
1648 3967 1709 4041 in-

245 4136 470 4240 dulgendum
497 4140 685 4219 videbatur
711 4140 841 4218 librarii
869 4140 1010 4220 arbitrio
1039 4153 1089 4240 ut,
1119 4165 1212 4245 quaa
1240 4141 1300 4218 ille
1320 4146 1452 4245 quippe
1479 4140 1585 4220 homo
1612 4164 1711 4243 pec-

246 4322 421 4417 cavisset,
449 4340 514 4419 pro
542 4321 638 4396 sanis
665 4330 703 4396 et
728 4321 828 4396 veris
851 4341 983 4395 venurn
1012 4321 1117 4397 irent.
1185 4319 1222 4398 Si
1252 4321 1360 4422 igitur
1387 4330 1446 4397 aut
1472 4318 1594 4420 lapsus
1613 4342 1710 4397 oeu-

246 4493 362 4573 lorum
399 4506 458 4573 aut
492 4518 595 4572 error
631 4518 755 4571 manus
790 4494 1149 4598 deprehendebatur,
1188 4498 1218 4572 si
1255 4507 1314 4574 aut
1351 4496 1487 4573 deesse
1524 4507 1584 4572 aut
1616 4497 1707 4574 male

246 4671 382 4751 adesse
410 4671 537 4776 aliquid
566 4639 791 4751 manifestum
820 4685 909 4776 erat,
939 4673 1097 4753 officium
1126 4674 1294 4752 monendi
1323 4684 1360 4750 et
1382 4671 1595 4750 emendandi
1615 4673 1708 4751 nulla
